@book{kostitzin_1939,
  title={Mathematical biology},
  author={Kostitzin, Vladimir Alexandrovitch},
  year={1939},
  publisher={George G. Harrap And Company Ltd.; London}
}


@incollection{christiansen_2004,
  title={Density dependent selection},
  author={Christiansen, F},
  booktitle={Evolution of Population Biology: Modern Synthesis},
  pages={139--155},
  year={2004},
  publisher={Cambridge University Press}
}

@article{travis_2013,
author = {Joseph Travis and Jeff Leips and F. Helen Rodd},
title = {Evolution in Population Parameters: Density-Dependent Selection or Density-Dependent Fitness?},
journal = {The American Naturalist},
volume = {181},
number = {S1},
pages = {S9-S20},
year = {2013},
doi = {10.1086/669970},
}

@article {bertram_2017,
author = {Bertram, J and Gomez, K and Masel, J},
title = {Predicting patterns of long-term adaptation and extinction with population genetics},
journal = {Evolution},
volume = {71},
number = {2},
issn = {1558-5646},
url = {http://dx.doi.org/10.1111/evo.13116},
doi = {10.1111/evo.13116},
pages = {204--214},
keywords = {Cost of selection, eco-evolutionary dynamics, genetic load, Red Queen, reverse-time Markov chain},
year = {2017},
}

@article{haldane_1927,
  title={A mathematical theory of natural and artificial selection, part V: selection and mutation},
  author={Haldane, John Burdon Sanderson},
  volume={23},
  number={07},
  pages={838--844},
  year={1927},
  organization={Cambridge Univ Press}
}


@article {yampolsky_2001,
author = {Yampolsky, Lev Y. and Stoltzfus, Arlin},
title = {Bias in the introduction of variation as an orienting factor in evolution},
journal = {Evolution \& Development},
volume = {3},
number = {2},
publisher = {Blackwell Science Inc},
issn = {1525-142X},
pages = {73--83},
year = {2001},
}

@article{metz_1992,
  title={How should we define ‘fitness’ for general ecological scenarios?},
  author={Metz, Johan AJ and Nisbet, Roger M and Geritz, Stefan AH},
  journal={Trends in Ecology \& Evolution},
  volume={7},
  number={6},
  pages={198--202},
  year={1992},
  publisher={Elsevier}
}

@article{uecker_2011,
  title={On the fixation process of a beneficial mutation in a variable environment},
  author={Uecker, Hildegard and Hermisson, Joachim},
  journal={Genetics},
  volume={188},
  number={4},
  pages={915--930},
  year={2011},
  publisher={Genetics Soc America}
}


@article{arenbaev_1977,
  title={Asymptotic behavior of the multinomial distribution},
  author={Arenbaev, NK},
  journal={Theory of Probability \& Its Applications},
  volume={21},
  number={4},
  pages={805--810},
  year={1977},
  publisher={SIAM}
}

@book{barton_2007,
  title={Evolution},
  author={Barton, NH and Briggs, DEG and Eisen, JA and Goldstein, DB and Patel, NH},
  publisher={NY: Cold Spring Harbor Laboratory Press},
  year={2007}
}

@article{barton_1998,
  title={The effect of hitch-hiking on neutral genealogies},
  author={Barton, Nicholas H},
  journal={Genetical Research},
  volume={72},
  number={02},
  pages={123--133},
  year={1998},
  publisher={Cambridge Univ Press}
}


@article{ellner_1994,
  title={Role of overlapping generations in maintaining genetic variation in a fluctuating environment},
  author={Ellner, Stephen and Hairston Jr, Nelson G},
  journal={The American Naturalist},
  volume={143},
  number={3},
  pages={403--417},
  year={1994},
  publisher={University of Chicago Press}
}


@article{yi_2013,
  title={Bounded population sizes, fluctuating selection and the tempo and mode of coexistence},
  author={Yi, Xiao and Dean, Antony M},
  journal={Proceedings of the National Academy of Sciences},
  volume={110},
  number={42},
  pages={16945--16950},
  year={2013},
  publisher={National Acad Sciences}
}

@article{dempster_1955,
  title={Maintenance of genetic heterogeneity},
  author={Dempster, Everett Ross},
  year={1955},
  journal={Cold Spring Harb Symp Quant Biol},
  volume={20},
  pages={25--31},
  publisher={Biological Laboratory}
}


@article{messer_2016,
  title={Can population genetics adapt to rapid evolution?},
  author={Messer, Philipp W and Ellner, Stephen P and Hairston, Nelson G},
  journal={Trends in Genetics},
  volume={32},
  number={7},
  pages={408--418},
  year={2016},
  publisher={Elsevier}
}


@article {schrider_2016,
	author = {Schrider, Daniel R. and Shanku, Alexander G. and Kern, Andrew D.},
	title = {Effects of Linked Selective Sweeps on Demographic Inference and Model Selection},
	volume = {204},
	number = {3},
	pages = {1207--1223},
	year = {2016},
	doi = {10.1534/genetics.116.190223},
	publisher = {Genetics},
	issn = {0016-6731},
	URL = {http://www.genetics.org/content/204/3/1207},
	eprint = {http://www.genetics.org/content/204/3/1207.full.pdf},
	journal = {Genetics}
}

@article {ram_2016,
	author = {Ram, Yoav and Dellus-Gur, Eynat and Bibi, Maayan and Obolski, Uri and Berman, Judith and Hadany, Lilach},
	title = {Predicting microbial relative growth in a mixed culture from growth curve data},
	year = {2016},
	publisher = {Cold Spring Harbor Labs Journals},
	journal = {bioRxiv 10.1101/022640}
}

@article{bergland_14,
    author = {Bergland, Alan O. AND Behrman, Emily L. AND O'Brien, Katherine R. AND Schmidt, Paul S. AND Petrov, Dmitri A.},
    journal = {PLOS Genetics},
    publisher = {Public Library of Science},
    title = {Genomic Evidence of Rapid and Stable Adaptive Oscillations over Seasonal Time Scales in Drosophila},
    year = {2014},
    month = {11},
    volume = {10},
    pages = {1-19},
    number = {11},
    doi = {10.1371/journal.pgen.1004775}
}

@article{svardal_2015,
title = "A general condition for adaptive genetic polymorphism in temporally and spatially heterogeneous environments ",
journal = "Theoretical Population Biology ",
volume = "99",
number = "",
pages = "76 - 97",
year = "2015",
note = "",
issn = "0040-5809",
doi = "http://dx.doi.org/10.1016/j.tpb.2014.11.002",
author = "Hannes Svardal and Claus Rueffler and Joachim Hermisson",
}

@article{tilman_94,
 author = {David Tilman},
 journal = {Ecology},
 number = {1},
 pages = {2-16},
 publisher = {Ecological Society of America},
 title = {Competition and Biodiversity in Spatially Structured Habitats},
 volume = {75},
 year = {1994}
}

@article{bolker_99,
author = { Benjamin M. Bolker  and  Stephen W. Pacala},
title = {Spatial Moment Equations for Plant Competition: Understanding Spatial Strategies and the Advantages of Short Dispersal.},
journal = {The American Naturalist},
volume = {153},
number = {6},
pages = {575-602},
year = {1999},
doi = {10.1086/303199}
}

@article{levins_71,
author = {Levins, Richard and Culver, David}, 
title = {Regional Coexistence of Species and Competition between Rare Species},
volume = {68}, 
number = {6}, 
pages = {1246-1248}, 
year = {1971}, 
journal = {Proceedings of the National Academy of Sciences} 
}


@article{shmida_84,
 ISSN = {00423106},
 author = {A. Shmida and S. Ellner},
 journal = {Vegetatio},
 number = {1},
 pages = {29-55},
 publisher = {Springer},
 title = {Coexistence of Plant Species with Similar Niches},
 volume = {58},
 year = {1984}
}


@article{sale_77,
 author = {Peter F. Sale},
 journal = {The American Naturalist},
 number = {978},
 pages = {337-359},
 publisher = {[University of Chicago Press, American Society of Naturalists]},
 title = {Maintenance of High Diversity in Coral Reef Fish Communities},
 volume = {111},
 year = {1977}
}


@article{gerrish_1998,
  title={The fate of competing beneficial mutations in an asexual population},
  author={Gerrish, Philip J and Lenski, Richard E},
  journal={Genetica},
  volume={102},
  pages={127--144},
  year={1998},
  publisher={Springer}
}


@article{davis_1998,
  title={Competition between tree seedlings and herbaceous vegetation: support for a theory of resource supply and demand},
  author={Davis, Mark A and Wrage, Keith J and Reich, Peter B},
  journal={Journal of Ecology},
  volume={86},
  number={4},
  pages={652--661},
  year={1998},
  publisher={Wiley Online Library}
}

@article{ferriere_2002,
  title={Cheating and the evolutionary stability of mutualisms},
  author={Ferriere, R{\'e}gis and Bronstein, Judith L and Rinaldi, Sergio and Law, Richard and Gauduchon, Mathias},
  journal={Proceedings of the Royal Society of London B: Biological Sciences},
  volume={269},
  number={1493},
  pages={773--780},
  year={2002},
  publisher={The Royal Society}
}

@article{geritz_1997,
  title={Dynamics of adaptation and evolutionary branching},
  author={Geritz, Stefan AH and Metz, Johan AJ and Kisdi, {\'E}va and Mesz{\'e}na, G{\'e}za},
  journal={Physical Review Letters},
  volume={78},
  number={10},
  pages={2024},
  year={1997},
  publisher={APS}
}

@article{diekmann_2004,
  title={A beginner's guide to adaptive dynamics},
  author={Diekmann, Odo and others},
  journal={Banach Center Publications},
  volume={63},
  pages={47--86},
  year={2004},
  publisher={Polish Academy of Sciences}
}


@article {schoener_2011,
	author = {Schoener, Thomas W.},
	title = {The Newest Synthesis: Understanding the Interplay of Evolutionary and Ecological Dynamics},
	volume = {331},
	number = {6016},
	pages = {426--429},
	year = {2011},
	doi = {10.1126/science.1193954},
	publisher = {American Association for the Advancement of Science},
	issn = {0036-8075},
	URL = {http://science.sciencemag.org/content/331/6016/426},
	eprint = {http://science.sciencemag.org/content/331/6016/426.full.pdf},
	journal = {Science}
}

@article {pelletier_2009,
	author = {Pelletier, F. and Garant, D. and Hendry, A.P.},
	title = {Eco-evolutionary dynamics},
	volume = {364},
	number = {1523},
	pages = {1483--1489},
	year = {2009},
	doi = {10.1098/rstb.2009.0027},
	publisher = {The Royal Society},
	issn = {0962-8436},
	URL = {http://rstb.royalsocietypublishing.org/content/364/1523/1483},
	eprint = {http://rstb.royalsocietypublishing.org/content/364/1523/1483.full.pdf},
	journal = {Philosophical Transactions of the Royal Society B: Biological Sciences}
}

@article {kokko_2007,
author = {Kokko, Hanna and López-Sepulcre, Andrés},
title = {The ecogenetic link between demography and evolution: can we bridge the gap between theory and data?},
journal = {Ecology Letters},
volume = {10},
number = {9},
publisher = {Blackwell Publishing Ltd},
issn = {1461-0248},
doi = {10.1111/j.1461-0248.2007.01086.x},
pages = {773--782},
keywords = {Comparative analysis, density-dependent selection, eco-evolutionary feedback, ecogenetics, experimental evolution, frequency-dependent selection, life-history theory},
year = {2007},
}

@article{vandoorn_2006,
 author = {van Doorn, G. Sander and Weissing, Franz J.},
 journal = {The American Naturalist},
 number = {6},
 pages = {742-757},
 publisher = {[University of Chicago Press, American Society of Naturalists]},
 title = {Sexual Conflict and the Evolution of Female Preferences for Indicators of Male Quality},
 volume = {168},
 year = {2006}
}


@article{rankin_2011,
 author = {Rankin, Daniel J. and Dieckmann, Ulf and Kokko, Hanna},
 journal = {The American Naturalist},
 number = {6},
 pages = {780-791},
 publisher = {[University of Chicago Press, American Society of Naturalists]},
 title = {Sexual Conflict and the Tragedy of the Commons},
 volume = {177},
 year = {2011}
}

@article{westoby_1998,
  title={A leaf-height-seed {(LHS)} plant ecology strategy scheme},
  author={Westoby, Mark},
  journal={Plant and soil},
  volume={199},
  number={2},
  pages={213--227},
  year={1998},
  publisher={Springer}
}

@article{knowlton_2001,
 ISSN = {00278424},
 author = {Nancy Knowlton},
 journal = {Proceedings of the National Academy of Sciences of the United States of America},
 number = {10},
 pages = {5419-5425},
 publisher = {National Academy of Sciences},
 title = {The Future of Coral Reefs},
 volume = {98},
 year = {2001}
}


@article{case_1974,
  title={Interference competition and niche theory},
  author={Case, Ted J and Gilpin, Michael E},
  journal={Proceedings of the National Academy of Sciences},
  volume={71},
  number={8},
  pages={3073--3077},
  year={1974},
  publisher={National Acad Sciences}
}

@article{gill_1974,
  title={Intrinsic rate of increase, saturation density, and competitive ability. II. The evolution of competitive ability},
  author={Gill, Douglas E},
  journal={American Naturalist},
  pages={103--116},
  volume={108},
  year={1974},
  publisher={JSTOR}
}

@article{desai_2007,
author = {Desai, Michael M. and Fisher, Daniel S.}, 
title = {Beneficial Mutation–Selection Balance and the Effect of Linkage on Positive Selection},
volume = {176}, 
number = {3}, 
pages = {1759-1798}, 
year = {2007}, 
doi = {10.1534/genetics.106.067678}, 
journal = {Genetics}
}

@article{joshi_2001,
  title={K-selection, $\alpha$-selection, effectiveness, and tolerance in competition: density-dependent selection revisited},
  author={Joshi, Amitabh and Prasad, NG and Shakarad, Mallikarjun},
  journal={Journal of Genetics},
  volume={80},
  number={2},
  pages={63--75},
  year={2001},
  publisher={Springer}
}

@article{aerts_1999,
  title={Interspecific competition in natural plant communities: mechanisms, trade-offs and plant-soil feedbacks},
  author={Aerts, Rien},
  journal={Journal of Experimental Botany},
  volume={50},
  number={330},
  pages={29--37},
  year={1999},
  publisher={Soc Experiment Biol}
}

@article{taylor_1990,
  title={On the relationship between r/K selection and environmental carrying capacity: a new habitat templet for plant life history strategies},
  author={Taylor, Douglas R and Aarssen, Lonnie W and Loehle, Craig},
  journal={Oikos},
  pages={239--250},
  year={1990},
}

@article{pianka_1972,
 ISSN = {00030147, 15375323},
 URL = {http://www.jstor.org/stable/2459721},
 abstract = {The concepts of r and K selection and b and d selection are discussed and compared. The former pair of concepts will play a central role in the development of new theories in population biology which relax the assumptions that communities (and portions thereof) are either fully saturated or completely unsaturated. It is hypothesized that maximal tolerable niche overlap should vary inversely with the level of competition, and a test is suggested.},
 author = {Eric R. Pianka},
 journal = {The American Naturalist},
 number = {951},
 pages = {581-588},
 publisher = {[University of Chicago Press, American Society of Naturalists]},
 title = {r and {K} Selection or b and d Selection?},
 volume = {106},
 year = {1972}
}

@book{tilman_1982,
  title={Resource competition and community structure},
  author={Tilman, David},
  year={1982},
  publisher={Princeton University Press}
}


@article {tilman_2007,
author = {Tilman, D},
title = {Resource competition and plant traits: a response to Craine et al. 2005},
journal = {Journal of Ecology},
volume = {95},
number = {2},
publisher = {Blackwell Publishing Ltd},
issn = {1365-2745},
url = {http://dx.doi.org/10.1111/j.1365-2745.2007.01201.x},
doi = {10.1111/j.1365-2745.2007.01201.x},
pages = {231--234},
keywords = {analytical theory, coexistence, comparative studies, experimental tests, R*, resource competition, resource isoclines, trade-offs},
year = {2007},
}

@article {darling_2012,
author = {Darling, Emily S. and Alvarez-Filip, Lorenzo and Oliver, Thomas A. and McClanahan, Timothy R. and Côté, Isabelle M.},
title = {Evaluating life-history strategies of reef corals from species traits},
journal = {Ecology Letters},
volume = {15},
number = {12},
issn = {1461-0248},
url = {http://dx.doi.org/10.1111/j.1461-0248.2012.01861.x},
doi = {10.1111/j.1461-0248.2012.01861.x},
pages = {1378--1386},
keywords = {Community assembly, coral reefs, C–S–R triangle, ecological strategies, functional diversity, selection pressure},
year = {2012},
}

@article{allan_76,
 ISSN = {00030147, 15375323},
 author = {J. David Allan},
 journal = {The American Naturalist},
 number = {971},
 pages = {165--180},
 publisher = {[University of Chicago Press, American Society of Naturalists]},
 title = {Life History Patterns in Zooplankton},
 volume = {110},
 year = {1976}
}


@article{winemiller_1992,
  title={Patterns of life-history diversification in North American fishes: implications for population regulation},
  author={Winemiller, Kirk O and Rose, Kenneth A},
  journal={Canadian Journal of Fisheries and Aquatic Sciences},
  volume={49},
  number={10},
  pages={2196--2218},
  year={1992},
  publisher={NRC Research Press}
}

@article{southwood_1977,
 ISSN = {00218790, 13652656},
 URL = {http://www.jstor.org/stable/3817},
 author = {T. R. E. Southwood},
 journal = {Journal of Animal Ecology},
 number = {2},
 pages = {337-365},
 publisher = {[Wiley, British Ecological Society]},
 title = {Habitat, the Templet for Ecological Strategies?},
 volume = {46},
 year = {1977}
}

@article{grime_1977,
  title={Evidence for the existence of three primary strategies in plants and its relevance to ecological and evolutionary theory},
  author={Grime, J P},
  journal={American Naturalist},
  pages={1169--1194},
  volume={111},
  year={1977},
  publisher={JSTOR}
}

@article{grime_1974,
  title={Vegetation classification by reference to strategies},
  author={Grime, J P},
  journal={Nature},
  volume={250},
  pages={26--31},
  year={1974}
}

@article{kuno_1991,
  title={{Some strange properties of the logistic equation defined with r and K: Inherent defects or artifacts?}},
  author={Kuno, Eizi},
  journal={Researches on Population Ecology},
  volume={33},
  number={1},
  pages={33--39},
  year={1991},
  publisher={Springer}
}


@article{hendriks_2005,
  title={Meta-analysis of intrinsic rates of increase and carrying capacity of populations affected by toxic and other stressors},
  author={Hendriks, A Jan and Maas-Diepeveen, Johanna LM and Heugens, Evelyn HW and van Straalen, Nico M},
  journal={Environmental Toxicology and Chemistry},
  volume={24},
  number={9},
  pages={2267--2277},
  year={2005},
  publisher={Wiley Online Library}
}


@article{fitzsimmons_2010,
  title={Population consequences of mutational events: effects of antibiotic resistance on the r/K trade-off},
  author={Fitzsimmons, Jay M and Schoustra, Sijmen E and Kerr, Jeremy T and Kassen, Rees},
  journal={Evolutionary Ecology},
  volume={24},
  number={1},
  pages={227--236},
  year={2010},
  publisher={Springer}
}


@article{luckinbill_1978,
  title={r and K Selection in Experimental Populations of Escherichia coli.},
  author={Luckinbill, Leo S},
  journal={Science (New York, NY)},
  volume={202},
  number={4373},
  pages={1201--1203},
  year={1978}
}

@article{luckinbill_1979,
  title={Selection and the r/K continuum in experimental populations of protozoa},
  author={Luckinbill, Leo S},
  journal={American Naturalist},
  pages={427--437},
  year={1979},
  publisher={JSTOR}
}

@article{stearns_1977,
 ISSN = {00664162},
 URL = {http://www.jstor.org/stable/2096724},
 author = {Stephen C. Stearns},
 journal = {Annual Review of Ecology and Systematics},
 pages = {145-171},
 publisher = {Annual Reviews},
 title = {The Evolution of Life History Traits: A Critique of the Theory and a Review of the Data},
 volume = {8},
 year = {1977}
}



@article{boyce_1984,
  title={Restitution of r-and K-selection as a model of density-dependent natural selection},
  author={Boyce, Mark S},
  journal={Annual Review of Ecology and Systematics},
  volume={15},
  pages={427--447},
  year={1984},
  publisher={JSTOR}
}

@book{ewens_2004,
  title={Mathematical Population Genetics 1: Theoretical Introduction},
  author={Ewens, Warren J},
  year={2004},
  publisher={Springer Science \& Business Media}
}

@article{chesson_1981,
  title={Environmental variability promotes coexistence in lottery competitive systems},
  author={Chesson, Peter L and Warner, Robert R},
  journal={American Naturalist},
  pages={923--943},
  year={1981},
  publisher={JSTOR}
}

@article {violle_2007,
author = {Violle, Cyrille and Navas, Marie-Laure and Vile, Denis and Kazakou, Elena and Fortunel, Claire and Hummel, Irène and Garnier, Eric},
title = {Let the concept of trait be functional!},
journal = {Oikos},
volume = {116},
number = {5},
publisher = {Blackwell Publishing Ltd},
issn = {1600-0706},
doi = {10.1111/j.0030-1299.2007.15559.x},
pages = {882--892},
year = {2007},
}

@book{macarthur_1967,
  title={Theory of Island Biogeography},
  author={MacArthur, Robert H and Wilson, Edward O},
  year={1967},
  publisher={Princeton University Press}
}

@article{macarthur_1962,
  title={Some generalized theorems of natural selection},
  author={MacArthur, Robert H},
  journal={Proceedings of the National Academy of Sciences},
  volume={48},
  number={11},
  pages={1893--1897},
  year={1962},
  publisher={National Acad Sciences}
}

@Inbook{grime_1988,
author="Grime, J. Philip",
editor="Gottlieb, Leslie D.
and Jain, Subodh K.",
chapter="The C-S-R model of primary plant strategies --- origins, implications and tests",
title="Plant Evolutionary Biology",
year="1988",
publisher="Springer Netherlands",
address="Dordrecht",
pages="371--393",
isbn="978-94-009-1207-6",
}

@article {winemiller_2015,
author = {Winemiller, Kirk O. and Fitzgerald, Daniel B. and Bower, Luke M. and Pianka, Eric R.},
title = {Functional traits, convergent evolution, and periodic tables of niches},
journal = {Ecology Letters},
volume = {18},
number = {8},
issn = {1461-0248},
url = {http://dx.doi.org/10.1111/ele.12462},
doi = {10.1111/ele.12462},
pages = {737--751},
keywords = {Adaptive peak, bioassessment, ecological classification, ecological restoration, life history strategy, niche dimension, niche scheme, species ordination},
year = {2015},
}

@article {reznick_2002,
author = {Reznick, David and Bryant, Michael J. and Bashey, Farrah},
title = {r- AND K-SELECTION REVISITED: THE ROLE OF POPULATION REGULATION IN LIFE-HISTORY EVOLUTION},
journal = {Ecology},
volume = {83},
number = {6},
publisher = {Ecological Society of America},
issn = {1939-9170},
url = {http://dx.doi.org/10.1890/0012-9658(2002)083[1509:RAKSRT]2.0.CO;2},
doi = {10.1890/0012-9658(2002)083[1509:RAKSRT]2.0.CO;2},
pages = {1509--1520},
keywords = {adaptation, demography, density dependence, environmental variability, life-history evolution, Poecilia reticulata, r- and K-selection, resource availability},
year = {2002},
}

@article{pianka_1970,
 ISSN = {00030147, 15375323},
 URL = {http://www.jstor.org/stable/2459020},
 author = {Eric R. Pianka},
 journal = {The American Naturalist},
 number = {940},
 pages = {592-597},
 publisher = {[University of Chicago Press, American Society of Naturalists]},
 title = {On r- and {K-Selection}},
 volume = {104},
 year = {1970}
}







